@misc{sarahfkpp,
    title = {{The spreading speed of solutions of the non-local Fisher-KPP}},
    year = {2017},
    author = {Penington, S.},
    url = {arXiv:1708.07965}
}


@article{Kusuoka:2017,
title = {{Continuity and Gaussian two-sided bounds of the density functions of the solutions to path-dependent stochastic differential equations via perturbation}},
    year = {2017},
    author = {Kusuoka, S.},
	journal = {Stoch. Process. Their. Appl. },
	volume={127},
	number={2},
	pages={359-384}
}


@article{Sheu:1991,
title = {{Some Estimates of the Transition Density of a Nondegenerate Diffusion Markov Process}},
    year = {1991},
    author = {Sheu, S. J.},
	journal = {Ann. Probab.},
	volume={19},
	number={2},
	pages={538â€“561}
}
