@article{lu2001solutions,
  title={On solutions to nonlinear reaction--diffusion--convection equations with degenerate diffusion},
  author={Lu, Yunguang and J{\"a}ger, Willi},
  journal={Journal of Differential Equations},
  volume={170},
  number={1},
  pages={1--21},
  year={2001},
  publisher={Elsevier}
}

@Article{etheridge/kurtz:2018,
  Title                    = {Genealogical constructions of population models},
  Author                   = {Etheridge, Alison M. and Kurtz, Thomas G.},
  Journal                  = {Ann. Probab.},
  Year                     = {2018},
  Volume                   = {To appear},
  Url                      = {http://arxiv.org/abs/1402.6724}
}


@Article{gilding/kersner:2005,
author={B H Gilding and R Kersner},
title={A Fisher/KPP-type equation with density dependent diffusion and
convection: travelling wave solutions},
journal={J. Phys. A: Math. Gen.},
volume=38,
pages={337--3379},
year=2005}


@Article{kamin/rosenau:2004,
author={S Kamin and P Rosenau},
title={Emergence of waves in a nonlinear convection-reaction-diffusion 
equation},
journal={Adv. Nonlinear Stud.},
volume=4,
pages={251--272},
year=2004}


@Article{kolmogorov/petrovsky/piscounov:1937,
author ={A Kolomogorov and I Petrovsky and N Piscounov},
title ={{\'Etude de l'equation de la diffusion avec croissance de la
	quantit\'e de mati\`ere et son application \`a un probl\`eme
		biologique}},
Journal ={Moscow Univ. Math. Bull.},
volume=1, pages={1--25},
year=1937}


@Article{bramson:1983,
author={M Bramson},
title={{Convergence of solutions of the Kolmogorov equation to travelling waves}},
journal={Mem. Amer. Math. Soc.},
volume= 44,
number={285},
year=1983}

@misc{etheridge/penington:2020,
    title = {{Genealogies in bistable waves}},
    year = {2020},
    author = {Etheridge, A. and Penington, S.},
    url = {arXiv:2009.03841}
}

